@article{p1,
  author  = {Riccardo Martelli},
  title   = {Title of the publication},
  journal = {Journal Name},
  year    = {2025},
  volume  = {12},
  number  = {3},
  pages   = {55--237}
}
@article{p2,
  author  = {Riccardo Martelli},
  title   = {Title of the second publication},
  journal = {Journal Name},
  year    = {2027},
  volume  = {12},
  number  = {4},
  pages   = {145--655}
}